

@article{richards_how_MPC,
	Author = {Arthur Richards and Jonathan How},
	Journal = {AIAA Guidance, Navigation, and Control Conference and Exhibit},
	Title = {Performance Evaluation of Rendezvous Using Model Predictive Control}, 
	Number = {AIAA 2003-5507},
	Year = {2003}
}

@article{singh_bortolami_MPC,
	Author = {Leena Singh, Simone Bortolami, and Lance A. Page},
	Journal = {AIAA Guidance, Navigation, and Control Conference},
	Title = {Optimal Guidance and Thruster Control in Orbital Approach and Rendezvous for Docking Using Model Predictive Control},
	Number = {AIAA 2010-7754},
	Year = {2010}
}

@article{filipe_tsiotras_dualQ,
	Author = {Nuno Filipe and Panagiotis Tsiotras},
	Journal = {Journal of Guidance, Control, and Dynamics},
	Pages = {566-577},
	Title = {Adaptive Position and Attitude-Tracking Controller for Satellite Proximity Operations Using Dual Quaternions},
	Volume = {38},
	Number = {4},
	Year = {2015}
}

@article{brunton_proctor_SINDY,
	Author = {Steven L. Brunton, Joshua L. Proctor, and J. Nathan Kutz},
	Journal = {IFAC NOLCOS},
	Pages = {710-715},
	Title = {Sparse Identification of Nonlinear Dynamics with Control (SINDYc)},
	Volume = {49},
	Number = {18},
	Year = {2016}, 
	
}

@article{provost_williams_SINDY,
	Author = {Mathieu Le Provost, David R. Williams, and Steven L. Brunton},
	Title = {SINDy analysis of disturbance and plant model superposition on a rolling delta wing},
	Year = {2018}, 
	doi = {10.2514/6.2018-3068}
}

@article{MPC_RPO_Park_Zagaris,
	Author = {H. Park, C. Zagaris, J. Virgili-Liop, R. Zappulla, I. Kolmanovsky, and M. Romano},
	Journal = {AIAA/AAS Astrodynamics Specialist Conference},
	Pages = {1–17},
	Title = {Analysis and experimentation of model predictive control for spacecraft rendezvous and proximity operations with multiple obstacle avoidance},
	Volume = {},
	Number = {},
	Year = {2016}
}

@article{Tsiotras_Valverde_Alfred_DualQ_Robot,
	author = {Tsiotras, Panagiotis and Valverde, Alfredo},
	year = {2019},
	month = {07},
	pages = {},
	title = {Dual Quaternions as a Tool for Modeling, Control, and Estimation for Spacecraft Robotic Servicing Missions},
	journal = {The Journal of the Astronautical Sciences},
	doi = {10.1007/s40295-019-00181-4}
}

@article{Valverde_Tsiotras_Kinematics_DualQ, 
	author = {Valverde, A.; Tsiotras, P.}, 
	year = {2018}, 
	title = {Spacecraft Robot Kinematics Using Dual Quaternions}, 
	journal = {Robotics},
	volume = {7},
	pages = {64}  
}

@article{SINDY_MPC_Brunton, 
	author = {E. Kaiser, J. N. Kutz and S. L. Brunton},
	year = {2018}, 
	title = {Sparse identification of nonlinear dynamics for model predictive control in the low-data limit},
	doi = {http://doi.org/10.1098/rspa.2018.0335},
	journal = {Proc. R. Soc. A.},
	volume = {474}, 
	issue = {2219}, 
}

@INPROCEEDINGS{Dooley_McCarthy_RBD_dualQ,
	author={J. R. {Dooley} and J. M. {McCarthy}},
	booktitle={Proceedings. 1991 IEEE International Conference on Robotics and Automation}, 
	title={Spatial rigid body dynamics using dual quaternion components}, 
	year={1991},
	volume={},
	number={},
	pages={90-95 vol.1},}

@article{Reynolds_Szmuk_Malyuta_Mesbahi_DualQ,
	author = {Reynolds, Taylor and Szmuk, Michael and Malyuta, Danylo and Mesbahi, Mehran and Açıkmeşe, Behçet and Carson, John},
	year = {2019},
	month = {04},
	pages = {},
	title = {Dual Quaternion Based Powered Descent Guidance with State-Triggered Constraints}
}